@article{DellaMaggiore200219,
title = "An Empirical Comparison of SPM Preprocessing Parameters to the Analysis of fMRI Data",
journal = "NeuroImage",
volume = "17",
number = "1",
pages = "19 - 28",
year = "2002",
note = "",
issn = "1053-8119",
doi = "DOI: 10.1006/nimg.2002.1113",
url = "http://www.sciencedirect.com/science/article/B6WNP-47DKV9V-2/2/ccfad2db718319db51008a47c71ca54a",
author = "Valeria Della-Maggiore and Wilkin Chau and Pedro R. Peres-Neto and Anthony R. McIntosh"
}


@article{ ISI:000265938700001,
Author = {Chen, Jean J. and Pike, G. Bruce},
Title = {{Origins of the BOLD post-stimulus undershoot}},
Journal = {{NEUROIMAGE}},
Year = {{2009}},
Volume = {{46}},
Number = {{3}},
Pages = {{559-568}},
Month = {{JUL 1}},
DOI = {{10.1016/j.neuroimage.2009.03.015}},
ISSN = {{1053-8119}},
Unique-ID = {{ISI:000265938700001}},
}

@misc{ spm_pipeline,
Author = {Klaas, Stephan},
Title = {{General Linear Model}},
Year = {{2009}},
url = "http://www.sciencedirect.com/science/article/B6WNP-47DKV9V-2/2/ccfad2db718319db51008a47c71ca54a",
}

@article{ ISI:000262110200020,
Author = {Donahue, Manus J. and Stevens, Robert D. and de Boorder, Michiel and
   Pekar, James J. and Hendrikse, Jeroen and van Zijl, Peter C. M.},
Title = {{Hemodynamic changes after visual stimulation and breath holding provide
   evidence for an uncoupling of cerebral blood flow and volume from
   oxygen metabolism}},
Journal = {{JOURNAL OF CEREBRAL BLOOD FLOW AND METABOLISM}},
Year = {{2009}},
Volume = {{29}},
Number = {{1}},
Pages = {{176-185}},
Month = {{JAN}},
DOI = {{10.1038/jcbfm.2008.109}},
ISSN = {{0271-678X}},
Unique-ID = {{ISI:000262110200020}},
}

@article{ ISI:000259401000014,
Author = {Yamashita, Okito and Sato, Masa-aki and Yoshioka, Taku and Tong, Frank
   and Kamitani, Yukiyasu},
Title = {{Sparse estimation automatically selects voxels relevant for the
   decoding of fMRI activity patterns}},
Journal = {{NEUROIMAGE}},
Year = {{2008}},
Volume = {{42}},
Number = {{4}},
Pages = {{1414-1429}},
Month = {{OCT 1}},
DOI = {{10.1016/j.neuroimage.2008.05.050}},
ISSN = {{1053-8119}},
Unique-ID = {{ISI:000259401000014}},
}

@article{ ISI:000254627700013,
Author = {Johnston, Leigh A. and Duff, Eugene and Mareels, Iven and Egan, Gary F.},
Title = {{Nonlinear estimation of the BOLD signal}},
Journal = {{NEUROIMAGE}},
Year = {{2008}},
Volume = {{40}},
Number = {{2}},
Pages = {{504-514}},
Month = {{APR 1}},
DOI = {{10.1016/j.neuroimage.2007.11.024}},
ISSN = {{1053-8119}},
Unique-ID = {{ISI:000254627700013}},
}

@article{ ISI:000246766700003,
Author = {Smith, Andrew T. and Singh, Krishna D. and Balsters, Joshua H.},
Title = {{A comment on the severity of the effects of non-white noise in fMRI
   time-series}},
Journal = {{NEUROIMAGE}},
Year = {{2007}},
Volume = {{36}},
Number = {{2}},
Pages = {{282-288}},
Month = {{JUN}},
DOI = {{10.1016/j.neuroimage.2006.09.044}},
ISSN = {{1053-8119}},
Unique-ID = {{ISI:000246766700003}},
}

@article{ comparison,
Author = {Deneux, Thomas and Faugeras, Olivier},
Title = {{Using nonlinear models in fMRI data analysis: Model selection and
   activation detection}},
Journal = {{NEUROIMAGE}},
Year = {{2006}},
Volume = {{32}},
Number = {{4}},
Pages = {{1669-1689}},
Month = {{OCT 1}},
DOI = {{10.1016/j.neuroimage.2006.03.006}},
ISSN = {{1053-8119}},
Unique-ID = {{ISI:000240969200015}},
}

@article{Buxton2004S220,
title = "Modeling the hemodynamic response to brain activation",
journal = "NeuroImage",
volume = "23",
number = "Supplement 1",
pages = "S220 - S233",
year = "2004",
note = "Mathematics in Brain Imaging",
issn = "1053-8119",
doi = "DOI: 10.1016/j.neuroimage.2004.07.013",
url = "http://www.sciencedirect.com/science/article/B6WNP-4D98255-3/2/1bd7e28b57ff7243e1c32b07b94fc911",
author = "Richard B. Buxton and KÃ¢mil Uludag and David J. Dubowitz and Thomas T. Liu",
keywords = "Hemodynamic response",
keywords = "Brain activation",
keywords = "fMRI"
}

@article{ ISI:000237239500005,
Author = {Yacoub, E and Ugurbil, K and Harel, N},
Title = {{The spatial dependence of the poststimulus undershoot as revealed by
   high-resolution BOLD- and CBV-weighted fMRI}},
Journal = {{JOURNAL OF CEREBRAL BLOOD FLOW AND METABOLISM}},
Year = {{2006}},
Volume = {{26}},
Number = {{5}},
Pages = {{634-644}},
Month = {{MAY}},
DOI = {{10.1038/sj.jcbfm.9600239}},
ISSN = {{0271-678X}},
Unique-ID = {{ISI:000237239500005}},
}

@article{ ISI:000234015300018,
Author = {Zheng, Y and Johnston, D and Berwick, J and Chen, DM and Billings, S
   and Mayhew, J},
Title = {{A three-compartment model of the hemodynamic response and oxygen
   delivery to brain}},
Journal = {{NEUROIMAGE}},
Year = {{2005}},
Volume = {{28}},
Number = {{4}},
Pages = {{925-939}},
Month = {{DEC}},
DOI = {{10.1016/j.neuroimage.2005.06.042}},
ISSN = {{1053-8119}},
Unique-ID = {{ISI:000234015300018}},
}


@article{ ISI:000224721200015,
Author = {Stephan, KE and Harrison, LM and Penny, WD and Friston, KJ},
Title = {{Biophysical models of fMRI responses}},
Journal = {{CURRENT OPINION IN NEUROBIOLOGY}},
Year = {{2004}},
Volume = {{14}},
Number = {{5}},
Pages = {{629-635}},
Month = {{OCT}},
DOI = {{10.1016/j.conb.2004.08.006}},
ISSN = {{0959-4388}},
Unique-ID = {{ISI:000224721200015}},
}

@article{ nonlinearfiltering,
Author = {Riera, JJ and Watanabe, J and Kazuki, T and Naoki, M and Aubert, E and
   Ozaki, T and Kawashima, R},
Title = {{A state-space model of the hemodynamic approach: nonlinear filtering of
   BOLD signals}},
Journal = {{NEUROIMAGE}},
Year = {{2004}},
Volume = {{21}},
Number = {{2}},
Pages = {{547-567}},
Month = {{FEB}},
DOI = {{10.1016/j.neuroimaging.2003.09.052}},
ISSN = {{1053-8119}},
Unique-ID = {{ISI:000189252300007}},
}

@article{ detrending,
Author = {Tanabe, J and Miller, D and Tregellas, J and Freedman, R and Meyer, FG},
Title = {{Comparison of detrending methods for optimal fMRI preprocessing}},
Journal = {{NEUROIMAGE}},
Year = {{2002}},
Volume = {{15}},
Number = {{4}},
Pages = {{902-907}},
Month = {{APR}},
DOI = {{10.1006/nimg.2002.1053}},
ISSN = {{1053-8119}},
Unique-ID = {{ISI:000174689100014}},
}

@article{ ISI:000080539300008,
Author = {Smith, AM and Lewis, BK and Ruttimann, UE and Ye, FQ and Sinnwell, TM
   and Yang, YH and Duyn, JH and Frank, JA},
Title = {{Investigation of low frequency drift in fMRI signal}},
Journal = {{NEUROIMAGE}},
Year = {{1999}},
Volume = {{9}},
Number = {{5}},
Pages = {{526-533}},
Month = {{MAY}},
ISSN = {{1053-8119}},
Unique-ID = {{ISI:000080539300008}},
}

@inproceedings{ ISI:A1993BZ68P00060,
Author = {WORSLEY, KJ and EVANS, AC and MARRETT, S and NEELIN, P},
Editor = {{Uemura, K and Lassen, NA and Jones, T and Kanno, I and Hatazawa, J and Miura, S and Murakami, M and Iida, H and Fujita, H and Inugami, A}},
Title = {{DETECTING AND ESTIMATING THE REGIONS OF ACTIVATION IN CBF ACTIVATION
   STUDIES IN HUMAN BRAIN}},
Booktitle = {{QUANTIFICATION OF BRAIN FUNCTION - TRACER KINETICS AND IMAGE ANALYSIS
   IN BRAIN PET }},
Series = {{INTERNATIONAL CONGRESS SERIES}},
Year = {{1993}},
Volume = {{1030}},
Pages = {{535-547}},
Note = {{International Symposium on Quantification of Brain Function (Brain PET
   93 Akita), AKITA, JAPAN, MAY 29-31, 1993}},
ISSN = {{0531-5131}},
ISBN = {{0-444-89859-X}},
Unique-ID = {{ISI:A1993BZ68P00060}},
}
