@article{DellaMaggiore200219,
title = "An Empirical Comparison of SPM Preprocessing Parameters to the Analysis of fMRI Data",
journal = "NeuroImage",
volume = "17",
number = "1",
pages = "19 - 28",
year = "2002",
note = "",
issn = "1053-8119",
doi = "DOI: 10.1006/nimg.2002.1113",
url = "http://www.sciencedirect.com/science/article/B6WNP-47DKV9V-2/2/ccfad2db718319db51008a47c71ca54a",
author = "Valeria Della-Maggiore and Wilkin Chau and Pedro R. Peres-Neto and Anthony R. McIntosh"
}


@article{ ISI:000265938700001,
Author = {Chen, Jean J. and Pike, G. Bruce},
Title = {{Origins of the BOLD post-stimulus undershoot}},
Journal = {{NEUROIMAGE}},
Year = {{2009}},
Volume = {{46}},
Number = {{3}},
Pages = {{559-568}},
Month = {{JUL 1}},
DOI = {{10.1016/j.neuroimage.2009.03.015}},
ISSN = {{1053-8119}},
Unique-ID = {{ISI:000265938700001}},
}

@article{ ISI:000262110200020,
Author = {Donahue, Manus J. and Stevens, Robert D. and de Boorder, Michiel and
   Pekar, James J. and Hendrikse, Jeroen and van Zijl, Peter C. M.},
Title = {{Hemodynamic changes after visual stimulation and breath holding provide
   evidence for an uncoupling of cerebral blood flow and volume from
   oxygen metabolism}},
Journal = {{JOURNAL OF CEREBRAL BLOOD FLOW AND METABOLISM}},
Year = {{2009}},
Volume = {{29}},
Number = {{1}},
Pages = {{176-185}},
Month = {{JAN}},
DOI = {{10.1038/jcbfm.2008.109}},
ISSN = {{0271-678X}},
Unique-ID = {{ISI:000262110200020}},
}

@article{ ISI:000259401000014,
Author = {Yamashita, Okito and Sato, Masa-aki and Yoshioka, Taku and Tong, Frank
   and Kamitani, Yukiyasu},
Title = {{Sparse estimation automatically selects voxels relevant for the
   decoding of fMRI activity patterns}},
Journal = {{NEUROIMAGE}},
Year = {{2008}},
Volume = {{42}},
Number = {{4}},
Pages = {{1414-1429}},
Month = {{OCT 1}},
DOI = {{10.1016/j.neuroimage.2008.05.050}},
ISSN = {{1053-8119}},
Unique-ID = {{ISI:000259401000014}},
}

@article{ ISI:000254627700013,
Author = {Johnston, Leigh A. and Duff, Eugene and Mareels, Iven and Egan, Gary F.},
Title = {{Nonlinear estimation of the BOLD signal}},
Journal = {{NEUROIMAGE}},
Year = {{2008}},
Volume = {{40}},
Number = {{2}},
Pages = {{504-514}},
Month = {{APR 1}},
DOI = {{10.1016/j.neuroimage.2007.11.024}},
ISSN = {{1053-8119}},
Unique-ID = {{ISI:000254627700013}},
}

@article{ noise,
Author = {Smith, Andrew T. and Singh, Krishna D. and Balsters, Joshua H.},
Title = {{A comment on the severity of the effects of non-white noise in fMRI
   time-series}},
Journal = {{NEUROIMAGE}},
Year = {{2007}},
Volume = {{36}},
Number = {{2}},
Pages = {{282-288}},
Month = {{JUN}},
DOI = {{10.1016/j.neuroimage.2006.09.044}},
ISSN = {{1053-8119}},
Unique-ID = {{ISI:000246766700003}},
}

@article{ ISI:000240969200015,
Author = {Deneux, Thomas and Faugeras, Olivier},
Title = {{Using nonlinear models in fMRI data analysis: Model selection and
   activation detection}},
Journal = {{NEUROIMAGE}},
Year = {{2006}},
Volume = {{32}},
Number = {{4}},
Pages = {{1669-1689}},
Month = {{OCT 1}},
DOI = {{10.1016/j.neuroimage.2006.03.006}},
ISSN = {{1053-8119}},
Unique-ID = {{ISI:000240969200015}},
}

@article{Buxton2004S220,
title = "Modeling the hemodynamic response to brain activation",
journal = "NeuroImage",
volume = "23",
number = "Supplement 1",
pages = "S220 - S233",
year = "2004",
note = "Mathematics in Brain Imaging",
issn = "1053-8119",
doi = "DOI: 10.1016/j.neuroimage.2004.07.013",
url = "http://www.sciencedirect.com/science/article/B6WNP-4D98255-3/2/1bd7e28b57ff7243e1c32b07b94fc911",
author = "Richard B. Buxton and Kâmil Uludag and David J. Dubowitz and Thomas T. Liu",
keywords = "Hemodynamic response",
keywords = "Brain activation",
keywords = "fMRI"
}

@article{ spatial_undershoot,
Author = {Yacoub, E and Ugurbil, K and Harel, N},
Title = {{The spatial dependence of the poststimulus undershoot as revealed by
   high-resolution BOLD- and CBV-weighted fMRI}},
Journal = {{JOURNAL OF CEREBRAL BLOOD FLOW AND METABOLISM}},
Year = {{2006}},
Volume = {{26}},
Number = {{5}},
Pages = {{634-644}},
Month = {{MAY}},
DOI = {{10.1038/sj.jcbfm.9600239}},
ISSN = {{0271-678X}},
Unique-ID = {{ISI:000237239500005}},
}

@article{ ISI:000234015300018,
Author = {Zheng, Y and Johnston, D and Berwick, J and Chen, DM and Billings, S
   and Mayhew, J},
Title = {{A three-compartment model of the hemodynamic response and oxygen
   delivery to brain}},
Journal = {{NEUROIMAGE}},
Year = {{2005}},
Volume = {{28}},
Number = {{4}},
Pages = {{925-939}},
Month = {{DEC}},
DOI = {{10.1016/j.neuroimage.2005.06.042}},
ISSN = {{1053-8119}},
Unique-ID = {{ISI:000234015300018}},
}


@article{ ISI:000224721200015,
Author = {Stephan, KE and Harrison, LM and Penny, WD and Friston, KJ},
Title = {{Biophysical models of fMRI responses}},
Journal = {{CURRENT OPINION IN NEUROBIOLOGY}},
Year = {{2004}},
Volume = {{14}},
Number = {{5}},
Pages = {{629-635}},
Month = {{OCT}},
DOI = {{10.1016/j.conb.2004.08.006}},
ISSN = {{0959-4388}},
Unique-ID = {{ISI:000224721200015}},
}

@article{ ISI:000189252300007,
Author = {Riera, JJ and Watanabe, J and Kazuki, T and Naoki, M and Aubert, E and
   Ozaki, T and Kawashima, R},
Title = {{A state-space model of the hemodynamic approach: nonlinear filtering of
   BOLD signals}},
Journal = {{NEUROIMAGE}},
Year = {{2004}},
Volume = {{21}},
Number = {{2}},
Pages = {{547-567}},
Month = {{FEB}},
DOI = {{10.1016/j.neuroimaging.2003.09.052}},
ISSN = {{1053-8119}},
Unique-ID = {{ISI:000189252300007}},
}

@article{smallworld,
author = {Achard, Sophie and Salvador, Raymond and Whitcher, Brandon and Suckling, John and Bullmore, Ed},
title = {{A Resilient, Low-Frequency, Small-World Human Brain Functional Network with Highly Connected Association Cortical Hubs}},
journal = {J. Neurosci.},
volume = {26},
number = {1},
pages = {63-72},
doi = {10.1523/JNEUROSCI.3874-05.2006},
year = {2006},
abstract = {Small-world properties have been demonstrated for many complex networks. Here, we applied the discrete wavelet transform to functional magnetic resonance imaging (fMRI) time series, acquired from healthy volunteers in the resting state, to estimate frequency-dependent correlation matrices characterizing functional connectivity between 90 cortical and subcortical regions. After thresholding the wavelet correlation matrices to create undirected graphs of brain functional networks, we found a small-world topology of sparse connections most salient in the low-frequency interval 0.03-0.06 Hz. Global mean path length (2.49) was approximately equivalent to a comparable random network, whereas clustering (0.53) was two times greater; similar parameters have been reported for the network of anatomical connections in the macaque cortex. The human functional network was dominated by a neocortical core of highly connected hubs and had an exponentially truncated power law degree distribution. Hubs included recently evolved regions of the heteromodal association cortex, with long-distance connections to other regions, and more cliquishly connected regions of the unimodal association and primary cortices; paralimbic and limbic regions were topologically more peripheral. The network was more resilient to targeted attack on its hubs than a comparable scale-free network, but about equally resilient to random error. We conclude that correlated, low-frequency oscillations in human fMRI data have a small-world architecture that probably reflects underlying anatomical connectivity of the cortex. Because the major hubs of this network are critical for cognition, its slow dynamics could provide a physiological substrate for segregated and distributed information processing.
},
URL = {http://www.jneurosci.org/cgi/content/abstract/26/1/63},
eprint = {http://www.jneurosci.org/cgi/reprint/26/1/63.pdf}
}

@article{dti_dcm,
title = "Tractography-based priors for dynamic causal models",
journal = "NeuroImage",
volume = "47",
number = "4",
pages = "1628 - 1638",
year = "2009",
note = "",
issn = "1053-8119",
doi = "DOI: 10.1016/j.neuroimage.2009.05.096",
url = "http://www.sciencedirect.com/science/article/B6WNP-4WGVPSK-1/2/055d529dbe6d7848223401dff7463758",
author = "Klaas Enno Stephan and Marc Tittgemeyer and Thomas R. Knösche and Rosalyn J. Moran and Karl J. Friston",
keywords = "Anatomical connectivity",
keywords = "Effective connectivity",
keywords = "Dynamic causal modelling",
keywords = "DCM",
keywords = "Bayesian model selection",
keywords = "Model evidence",
keywords = "Bayes factor",
keywords = "Probabilistic tractography",
keywords = "Diffusion weighted imaging"
}
@inproceedings{turing,
    author = {Nordin, Peter and Banzhaf, Wolfgang},
    title = {Evolving Turing-Complete Programs for a Register Machine with Self-modifying Code},
    booktitle = {Proceedings of the 6th International Conference on Genetic Algorithms},
    year = {1995},
    isbn = {1-55860-370-0},
    pages = {318--327},
    publisher = {Morgan Kaufmann Publishers Inc.},
    address = {San Francisco, CA, USA},
}
@article{univ_mult_rft,
title = "Unified univariate and multivariate random field theory",
journal = "NeuroImage",
volume = "23",
number = "Supplement 1",
pages = "S189 - S195",
year = "2004",
note = "Mathematics in Brain Imaging",
issn = "1053-8119",
doi = "DOI: 10.1016/j.neuroimage.2004.07.026",
url = "http://www.sciencedirect.com/science/article/B6WNP-4D9D8DJ-5/2/52aca4e3b540819e6d11f04f124272e0",
author = "Keith J. Worsley and Jonathan E. Taylor and Francesco Tomaiuolo and Jason Lerch",
keywords = "SPMs",
keywords = "Deformation-based morphometry",
keywords = "Random field theory"
}

@article{ drift,
Author = {Smith, AM and Lewis, BK and Ruttimann, UE and Ye, FQ and Sinnwell, TM
   and Yang, YH and Duyn, JH and Frank, JA},
Title = {{Investigation of low frequency drift in fMRI signal}},
Journal = {{NEUROIMAGE}},
Year = {{1999}},
Volume = {{9}},
Number = {{5}},
Pages = {{526-533}},
Month = {{MAY}},
ISSN = {{1053-8119}},
Unique-ID = {{ISI:000080539300008}},
}

@inproceedings{ ISI:A1993BZ68P00060,
Author = {WORSLEY, KJ and EVANS, AC and MARRETT, S and NEELIN, P},
Editor = {{Uemura, K and Lassen, NA and Jones, T and Kanno, I and Hatazawa, J and Miura, S and Murakami, M and Iida, H and Fujita, H and Inugami, A}},
Title = {{DETECTING AND ESTIMATING THE REGIONS OF ACTIVATION IN CBF ACTIVATION
   STUDIES IN HUMAN BRAIN}},
Booktitle = {{QUANTIFICATION OF BRAIN FUNCTION - TRACER KINETICS AND IMAGE ANALYSIS
   IN BRAIN PET }},
Series = {{INTERNATIONAL CONGRESS SERIES}},
Year = {{1993}},
Volume = {{1030}},
Pages = {{535-547}},
Note = {{International Symposium on Quantification of Brain Function (Brain PET
   93 Akita), AKITA, JAPAN, MAY 29-31, 1993}},
ISSN = {{0531-5131}},
ISBN = {{0-444-89859-X}},
Unique-ID = {{ISI:A1993BZ68P00060}},
}

@article{nonlinearmodels,
title = "Using nonlinear models in fMRI data analysis: Model selection and activation detection",
journal = "NeuroImage",
volume = "32",
number = "4",
pages = "1669 - 1689",
year = "2006",
note = "",
issn = "1053-8119",
doi = "DOI: 10.1016/j.neuroimage.2006.03.006",
url = "http://www.sciencedirect.com/science/article/B6WNP-4KDBM3X-1/2/8a437832d609f25f1d5c969c5e6b7414",
author = "Thomas Deneux and Olivier Faugeras",
keywords = "Nonlinear hemodynamic",
keywords = "Balloon Model",
keywords = "System identification",
keywords = "Statistical test",
keywords = "Model selection"
}
@article{DellaMaggiore200219,
title = "An Empirical Comparison of SPM Preprocessing Parameters to the Analysis of fMRI Data",
journal = "NeuroImage",
volume = "17",
number = "1",
pages = "19 - 28",
year = "2002",
note = "",
issn = "1053-8119",
doi = "DOI: 10.1006/nimg.2002.1113",
url = "http://www.sciencedirect.com/science/article/B6WNP-47DKV9V-2/2/ccfad2db718319db51008a47c71ca54a",
author = "Valeria Della-Maggiore and Wilkin Chau and Pedro R. Peres-Neto and Anthony R. McIntosh"
}


@article{ origin_poststim,
Author = {Chen, Jean J. and Pike, G. Bruce},
Title = {{Origins of the BOLD post-stimulus undershoot}},
Journal = {{NEUROIMAGE}},
Year = {{2009}},
Volume = {{46}},
Number = {{3}},
Pages = {{559-568}},
Month = {{JUL 1}},
DOI = {{10.1016/j.neuroimage.2009.03.015}},
ISSN = {{1053-8119}},
Unique-ID = {{ISI:000265938700001}},
}

@article{ ISI:000262110200020,
Author = {Donahue, Manus J. and Stevens, Robert D. and de Boorder, Michiel and
   Pekar, James J. and Hendrikse, Jeroen and van Zijl, Peter C. M.},
Title = {{Hemodynamic changes after visual stimulation and breath holding provide
   evidence for an uncoupling of cerebral blood flow and volume from
   oxygen metabolism}},
Journal = {{JOURNAL OF CEREBRAL BLOOD FLOW AND METABOLISM}},
Year = {{2009}},
Volume = {{29}},
Number = {{1}},
Pages = {{176-185}},
Month = {{JAN}},
DOI = {{10.1038/jcbfm.2008.109}},
ISSN = {{0271-678X}},
Unique-ID = {{ISI:000262110200020}},
}

@article{ ISI:000259401000014,
Author = {Yamashita, Okito and Sato, Masa-aki and Yoshioka, Taku and Tong, Frank
   and Kamitani, Yukiyasu},
Title = {{Sparse estimation automatically selects voxels relevant for the
   decoding of fMRI activity patterns}},
Journal = {{NEUROIMAGE}},
Year = {{2008}},
Volume = {{42}},
Number = {{4}},
Pages = {{1414-1429}},
Month = {{OCT 1}},
DOI = {{10.1016/j.neuroimage.2008.05.050}},
ISSN = {{1053-8119}},
Unique-ID = {{ISI:000259401000014}},
}

@article{ ISI:000254627700013,
Author = {Johnston, Leigh A. and Duff, Eugene and Mareels, Iven and Egan, Gary F.},
Title = {{Nonlinear estimation of the BOLD signal}},
Journal = {{NEUROIMAGE}},
Year = {{2008}},
Volume = {{40}},
Number = {{2}},
Pages = {{504-514}},
Month = {{APR 1}},
DOI = {{10.1016/j.neuroimage.2007.11.024}},
ISSN = {{1053-8119}},
Unique-ID = {{ISI:000254627700013}},
}

@article{ ISI:000246766700003,
Author = {Smith, Andrew T. and Singh, Krishna D. and Balsters, Joshua H.},
Title = {{A comment on the severity of the effects of non-white noise in fMRI
   time-series}},
Journal = {{NEUROIMAGE}},
Year = {{2007}},
Volume = {{36}},
Number = {{2}},
Pages = {{282-288}},
Month = {{JUN}},
DOI = {{10.1016/j.neuroimage.2006.09.044}},
ISSN = {{1053-8119}},
Unique-ID = {{ISI:000246766700003}},
}

@article{ ISI:000240969200015,
Author = {Deneux, Thomas and Faugeras, Olivier},
Title = {{Using nonlinear models in fMRI data analysis: Model selection and
   activation detection}},
Journal = {{NEUROIMAGE}},
Year = {{2006}},
Volume = {{32}},
Number = {{4}},
Pages = {{1669-1689}},
Month = {{OCT 1}},
DOI = {{10.1016/j.neuroimage.2006.03.006}},
ISSN = {{1053-8119}},
Unique-ID = {{ISI:000240969200015}},
}

@article{Buxton2004S220,
title = "Modeling the hemodynamic response to brain activation",
journal = "NeuroImage",
volume = "23",
number = "Supplement 1",
pages = "S220 - S233",
year = "2004",
note = "Mathematics in Brain Imaging",
issn = "1053-8119",
doi = "DOI: 10.1016/j.neuroimage.2004.07.013",
url = "http://www.sciencedirect.com/science/article/B6WNP-4D98255-3/2/1bd7e28b57ff7243e1c32b07b94fc911",
author = "Richard B. Buxton and Kâmil Uludag and David J. Dubowitz and Thomas T. Liu",
keywords = "Hemodynamic response",
keywords = "Brain activation",
keywords = "fMRI"
}

@article{ ISI:000234015300018,
Author = {Zheng, Y and Johnston, D and Berwick, J and Chen, DM and Billings, S
   and Mayhew, J},
Title = {{A three-compartment model of the hemodynamic response and oxygen
   delivery to brain}},
Journal = {{NEUROIMAGE}},
Year = {{2005}},
Volume = {{28}},
Number = {{4}},
Pages = {{925-939}},
Month = {{DEC}},
DOI = {{10.1016/j.neuroimage.2005.06.042}},
ISSN = {{1053-8119}},
Unique-ID = {{ISI:000234015300018}},
}


@article{ ISI:000224721200015,
Author = {Stephan, KE and Harrison, LM and Penny, WD and Friston, KJ},
Title = {{Biophysical models of fMRI responses}},
Journal = {{CURRENT OPINION IN NEUROBIOLOGY}},
Year = {{2004}},
Volume = {{14}},
Number = {{5}},
Pages = {{629-635}},
Month = {{OCT}},
DOI = {{10.1016/j.conb.2004.08.006}},
ISSN = {{0959-4388}},
Unique-ID = {{ISI:000224721200015}},
}

@article{ ISI:000189252300007,
Author = {Riera, JJ and Watanabe, J and Kazuki, T and Naoki, M and Aubert, E and
   Ozaki, T and Kawashima, R},
Title = {{A state-space model of the hemodynamic approach: nonlinear filtering of
   BOLD signals}},
Journal = {{NEUROIMAGE}},
Year = {{2004}},
Volume = {{21}},
Number = {{2}},
Pages = {{547-567}},
Month = {{FEB}},
DOI = {{10.1016/j.neuroimaging.2003.09.052}},
ISSN = {{1053-8119}},
Unique-ID = {{ISI:000189252300007}},
}

@article{ detrend,
Author = {Tanabe, J and Miller, D and Tregellas, J and Freedman, R and Meyer, FG},
Title = {{Comparison of detrending methods for optimal fMRI preprocessing}},
Journal = {{NEUROIMAGE}},
Year = {{2002}},
Volume = {{15}},
Number = {{4}},
Pages = {{902-907}},
Month = {{APR}},
DOI = {{10.1006/nimg.2002.1053}},
ISSN = {{1053-8119}},
Unique-ID = {{ISI:000174689100014}},
}

@inproceedings{ ISI:A1993BZ68P00060,
Author = {WORSLEY, KJ and EVANS, AC and MARRETT, S and NEELIN, P},
Editor = {{Uemura, K and Lassen, NA and Jones, T and Kanno, I and Hatazawa, J and Miura, S and Murakami, M and Iida, H and Fujita, H and Inugami, A}},
Title = {{DETECTING AND ESTIMATING THE REGIONS OF ACTIVATION IN CBF ACTIVATION
   STUDIES IN HUMAN BRAIN}},
Booktitle = {{QUANTIFICATION OF BRAIN FUNCTION - TRACER KINETICS AND IMAGE ANALYSIS
   IN BRAIN PET }},
Series = {{INTERNATIONAL CONGRESS SERIES}},
Year = {{1993}},
Volume = {{1030}},
Pages = {{535-547}},
Note = {{International Symposium on Quantification of Brain Function (Brain PET
   93 Akita), AKITA, JAPAN, MAY 29-31, 1993}},
ISSN = {{0531-5131}},
ISBN = {{0-444-89859-X}},
Unique-ID = {{ISI:A1993BZ68P00060}},
}

@article{ ISI:000254627700013,
Author = {Johnston, Leigh A. and Duff, Eugene and Mareels, Iven and Egan, Gary F.},
Title = {{Nonlinear estimation of the BOLD signal}},
Journal = {{NEUROIMAGE}},
Year = {{2008}},
Volume = {{40}},
Number = {{2}},
Pages = {{504-514}},
Month = {{APR 1}},
DOI = {{10.1016/j.neuroimage.2007.11.024}},
ISSN = {{1053-8119}},
Unique-ID = {{ISI:000254627700013}},
}

@article{ ISI:000225374100021,
Author = {Buxton, RB and Uludag, K and Dubowitz, DJ and Liu, TT},
Title = {{Modeling the hemodynamic response to brain activation}},
Journal = {{NEUROIMAGE}},
Year = {{2004}},
Volume = {{23}},
Number = {{Suppl. 1}},
Pages = {{S220-S233}},
Note = {{Conference on Mathermatics in Brain Imaging, Los Angeles, CA, JUL
   12-23, 2004}},
DOI = {{10.1016/j.neuroimage.2004.07.013}},
ISSN = {{1053-8119}},
Unique-ID = {{ISI:000225374100021}},
}
@article{regionalMI,
title = "Regions, systems, and the brain: Hierarchical measures of functional integration in fMRI",
journal = "Medical Image Analysis",
volume = "12",
number = "4",
pages = "484 - 496",
year = "2008",
note = "",
issn = "1361-8415",
doi = "DOI: 10.1016/j.media.2008.02.002",
url = "http://www.sciencedirect.com/science/article/B6W6Y-4RV7YMT-1/2/f75ac05d654c57dbc2c4e2870c30c77f",
author = "Guillaume Marrelec and Pierre Bellec and Alexandre Krainik and Hugues Duffau and Mélanie Pélégrini-Issac and Stéphane Lehéricy and Habib Benali and Julien Doyon",
keywords = "fMRI",
keywords = "Functional brain interactions",
keywords = "Functional connectivity",
keywords = "Integration",
keywords = "Mutual information",
keywords = "Information proper",
keywords = "Multiinformation",
keywords = "Low-grade glioma",
keywords = "Brain plasticity",
keywords = "Surgery"
}

@article{ GLM,
Author = {Friston, KJ and Holmes, AP and Worsley, KJ and Poline, J-P and Frith, CD and Frackowiak, RSJ},
Title = {{Statistical parametric maps in functional imaging: A general linear approach}},
Journal = {{Human Brain Mapping}},
Year = {{1995}},
Volume = {{2}},
Number = {{4}},
Pages = {{189}},
ISSN = {{1065-9471}},
}

@article{NVAR,
jstor_articletype = {primary_article},
title = {The Asymmetric Effects of Monetary Policy: A Nonlinear Vector Autoregression Approach},
author = {Weise, Charles L.},
journal = {Journal of Money, Credit and Banking},
jstor_issuetitle = {},
volume = {31},
number = {1},
jstor_formatteddate = {Feb., 1999},
pages = {85--108},
url = {http://www.jstor.org/stable/2601141},
ISSN = {00222879},
abstract = {This paper tests for nonlinearity in a standard vector autoregression including output, prices, and money supply, using an estimation strategy that is consistent with a wide range of structural macroeconomic models. Shocks to the money supply are found to have stronger output effects and weaker price effects when output growth is initially low. Positive and negative monetary shocks are found to have nearly symmetric effects. In addition, there is some evidence that shocks of different magnitudes have asymmetric effects. These results are consistent with the view that the aggregate supply curve is convex.},
language = {},
year = {1999},
publisher = {Blackwell Publishing },    
copyright = {Copyright © 1999 Ohio State University Press},
}


@article{granger,
Author = {Zhou, Zhenyu and Chen, Yonghong and Ding, Mingzhou and Wright, Paul and
   Lu, Zuhong and Liu, Yijun},
Title = {{Analyzing Brain Networks With PCA and Conditional Granger Causality}},
Journal = {{Human Brain Mapping}},
Year = {{2009}},
Volume = {{30}},
Number = {{7}},
Pages = {{2197-2206}},
Month = {{JUL}},
DOI = {{10.1002/hbm.20661}},
ISSN = {{1065-9471}},
Unique-ID = {{ISI:000267691900025}},
}

@article{ ISI:000251406000017,
Author = {Friston, Karl and Chu, Carlton and Mourao-Miranda, Janaina and Hulme,
   Oliver and Rees, Geraint and Penny, Will and Ashburner, John},
Title = {{Bayesian decoding of brain images}},
Journal = {{NEUROIMAGE}},
Year = {{2008}},
Volume = {{39}},
Number = {{1}},
Pages = {{181-205}},
Month = {{JAN 1}},
DOI = {{10.1016/j.neuroimage.2007.08.013}},
ISSN = {{1053-8119}},
Unique-ID = {{ISI:000251406000017}},
}

@inproceedings{ ISI:000178710800012,
Author = {Deleus, FF and De Maziere, PA and Van Hulle, MM},
Editor = {{Bourlard, H and Adali, T and Bengio, S and Larsen, J and Douglas, S}},
Title = {{Functional connectivity modelling in FMRI based on causal networks}},
Booktitle = {{NEURAL NETWORKS FOR SIGNAL PROCESSING XII, PROCEEDINGS}},
Year = {{2002}},
Pages = {{119-128}},
Note = {{12th IEEE Workshop on Neural Networks for Signal Processing, MARTIGNY,
   SWITZERLAND, SEP 04-06, 2002}},
ISBN = {{0-7803-7616-1}},
Unique-ID = {{ISI:000178710800012}},
}

@article{ DCM,
Author = {Friston, KJ and Harrison, L and Penny, W},
Title = {{Dynamic causal modelling}},
Journal = {{NEUROIMAGE}},
Year = {{2003}},
Volume = {{19}},
Number = {{4}},
Pages = {{1273-1302}},
Month = {{AUG}},
DOI = {{10.1016/S1053-8119(03)00202-7}},
ISSN = {{1053-8119}},
Keywords = {{nonlinear system identification; functional neuroimaging; fMRI;
   hemodynamic response function; effective connectivity; bilinear model}},
Keywords-Plus = {{EFFECTIVE CONNECTIVITY; BALLOON MODEL; BLOOD-FLOW; FMRI; MODULATION;
   RESPONSES}},
Unique-ID = {{ISI:000185079000003}},
}

@ARTICLE{MI,
title={Multimodality image registration by maximization of mutual information},
author={Maes, F. and Collignon, A. and Vandermeulen, D. and Marchal, G. and Suetens, P.},
journal={Medical Imaging, IEEE Transactions on},
year={1997},
month={April },
volume={16},
number={2},
pages={187-198},
keywords={biomedical NMR, computerised tomography, entropy, image matching, image registration, interpolation, medical image processing, optimisation, positron emission tomography, statistical analysisPET images, clinical applications, computed tomography, image content, image degradation, image intensities, information redundancy, information theory, interpolation, magnetic resonance, matching criterion, maximization, medical image registration, multimodality image registration, mutual information, optimization, partial overlap, photon emission tomography, relative entropy, rigid body registration, statistical dependence, stereotactic reference solution, stereotactic registration solution, subvoxel accuracy, voxels},
doi={10.1109/42.563664},
ISSN={0278-0062}, }

