
@article{ ISI:000254627700013,
Author = {Johnston, Leigh A. and Duff, Eugene and Mareels, Iven and Egan, Gary F.},
Title = {{Nonlinear estimation of the BOLD signal}},
Journal = {{NEUROIMAGE}},
Year = {{2008}},
Volume = {{40}},
Number = {{2}},
Pages = {{504-514}},
Month = {{APR 1}},
DOI = {{10.1016/j.neuroimage.2007.11.024}},
ISSN = {{1053-8119}},
Unique-ID = {{ISI:000254627700013}},
}

@article{ ISI:000225374100021,
Author = {Buxton, RB and Uludag, K and Dubowitz, DJ and Liu, TT},
Title = {{Modeling the hemodynamic response to brain activation}},
Journal = {{NEUROIMAGE}},
Year = {{2004}},
Volume = {{23}},
Number = {{Suppl. 1}},
Pages = {{S220-S233}},
Note = {{Conference on Mathermatics in Brain Imaging, Los Angeles, CA, JUL
   12-23, 2004}},
DOI = {{10.1016/j.neuroimage.2004.07.013}},
ISSN = {{1053-8119}},
Unique-ID = {{ISI:000225374100021}},
}
